@book{ashby2005,
  title={Introducing phonetic science},
  author={Ashby, Michael and Maidment, John},
  year={2005},
  publisher={Cambridge University Press}
}


@book{hinton2006,
  title={Sound symbolism},
  author={Hinton, Leanne and Nichols, Johanna and Ohala, John J},
  year={2006},
  publisher={Cambridge University Press}
}


@article{roach2004,
  title={British English: Received Pronunciation},
  author={Roach, Peter},
  journal={Journal of the International Phonetic Association},
  volume={34},
  number={2},
  pages={239--245},
  year={2004},
  publisher={Cambridge University Press}
}

